<record><leader>00000cas a22000007a 4500</leader><controlfield tag="001">10421789</controlfield><controlfield tag="008">840216c19709999ohuwr ne      0    0eng d</controlfield><datafield ind1=" " ind2=" " tag="010"><subfield code="a">sn 84028118 </subfield></datafield><datafield ind1=" " ind2=" " tag="040"><subfield code="a">NPY</subfield><subfield code="b">eng</subfield><subfield code="c">NPY</subfield><subfield code="d">ONP</subfield><subfield code="d">OCLCQ</subfield></datafield><datafield ind1=" " ind2=" " tag="042"><subfield code="a">msc</subfield></datafield><datafield ind1="0" ind2=" " tag="130"><subfield code="a">News sun (Berea, Ohio)</subfield></datafield><datafield ind1="1" ind2="4" tag="245"><subfield code="a">The News sun.</subfield></datafield><datafield ind1=" " ind2=" " tag="250"><subfield code="a">Berea ed.</subfield></datafield><datafield ind1=" " ind2=" " tag="260"><subfield code="a">[Berea, Ohio :</subfield><subfield code="b">Com Corp Sun Newspapers],</subfield><subfield code="c">1970-</subfield></datafield><datafield ind1=" " ind2=" " tag="300"><subfield code="a">v.</subfield></datafield><datafield ind1=" " ind2=" " tag="310"><subfield code="a">Weekly</subfield></datafield><datafield ind1="0" ind2=" " tag="362"><subfield code="a">47th year, no. 50 (Dec. 10, 1970)-</subfield></datafield><datafield ind1=" " ind2="4" tag="651"><subfield code="a">Cuyahoga County (Ohio)</subfield><subfield code="v">Newspapers.</subfield></datafield><datafield ind1=" " ind2="4" tag="651"><subfield code="a">Berea (Ohio)</subfield><subfield code="v">Newspapers.</subfield></datafield><datafield ind1=" " ind2=" " tag="752"><subfield code="a">United States</subfield><subfield code="b">Ohio</subfield><subfield code="c">Cuyahoga</subfield><subfield code="d">Berea.</subfield></datafield><datafield ind1="0" ind2="0" tag="780"><subfield code="t">Berea news sun</subfield><subfield code="w">(DLC)sn 84028117</subfield></datafield></record>